@ARTICLE{van_sloun-negev-eldar,
	author={R. J. G. {van Sloun} and R. {Cohen} and Y. C. {Eldar}},
	journal={Proceedings of the IEEE},
	title={Deep Learning in Ultrasound Imaging},
	year={2019},
	volume={},
	number={},
	pages={1-19},
	keywords={Imaging;Ultrasonic imaging;Doppler effect;Deep learning;Array signal processing;Image resolution;Clutter;Beamforming;compression;deep learning;deep unfolding;Doppler;image reconstruction;super resolution;ultrasound imaging.},
	doi={10.1109/JPROC.2019.2932116},
	ISSN={},
	month={},
}

@INPROCEEDINGS{admire2017,
author={B. {Byram}},
booktitle={2017 IEEE International Conference on Acoustics, Speech and Signal Processing (ICASSP)},
title={Aperture Domain Model Image REconstruction (ADMIRE) for improved ultrasound imaging},
year={2017},
volume={},
number={},
pages={6250-6253},
keywords={array signal processing;image reconstruction;medical image processing;ultrasonic imaging;aperture domain model image reconstruction;ADMIRE;improved ultrasound imaging;clinical ultrasound;MVDR beamformer;image quality improvement;low-quality images;Clutter;Ultrasonic imaging;Acoustics;Adaptation models;Array signal processing;Scattering;Delays;Ultrasound;Beamforming;Clutter;Reverberation;Model},
doi={10.1109/ICASSP.2017.7953358},
ISSN={},
month={March},}
